<collection xmlns="http://www.loc.gov/MARC21/slim">
<record>
  <leader>00457na 0a22001211i 450 </leader>
  <controlfield tag="001">IT\ICCU\CNCE\074449</controlfield>
  <controlfield tag="005">20110518000000.0</controlfield>
  <datafield tag="100" ind1=" " ind2=" ">
    <subfield code="a">20090812             0itac0103    ba</subfield>
  </datafield>
  <datafield tag="101" ind1=" " ind2=" ">
    <subfield code="a">LAT</subfield>
  </datafield>
  <datafield tag="200" ind1="1" ind2=" ">
    <subfield code="a">℗Valentini Acidali Velleianarum ℗Lectionum liber, in quo multa simul aliorum scriptorum emendatur, explicantur</subfield>
  </datafield>
  <datafield tag="700" ind1=" " ind2="1">
    <subfield code="a">Acidalius,</subfield>
    <subfield code="b">Valens</subfield>
    <subfield code="3">IT\ICCU\CNCA\011910</subfield>
  </datafield>
  <datafield tag="790" ind1=" " ind2="1">
    <subfield code="a">Havekenthal,</subfield>
    <subfield code="b">Valens</subfield>
    <subfield code="3">IT\ICCU\CNCA\019434</subfield>
    <subfield code="z">Acidalius, Valens</subfield>
  </datafield>
  <datafield tag="801" ind1=" " ind2="3">
    <subfield code="a">IT</subfield>
    <subfield code="b">ICCU</subfield>
    <subfield code="c">20201115</subfield>
  </datafield>
</record>
</collection>
